@article{faragher2012understanding,
  title={Understanding the basis of the kalman filter via a simple and intuitive derivation [lecture notes]},
  author={Faragher, Ramsey},
  journal={IEEE Signal processing magazine},
  volume={29},
  number={5},
  pages={128--132},
  year={2012},
  publisher={IEEE}
}

@article{chen2019kalman,
  title={Kalman filter tuning with Bayesian optimization},
  author={Chen, Zhaozhong and Ahmed, Nisar and Julier, Simon and Heckman, Christoffer},
  journal={arXiv preprint arXiv:1912.08601},
  year={2019}
}

@inproceedings{chen2018weak,
  title={Weak in the NEES?: Auto-tuning Kalman filters with Bayesian optimization},
  author={Chen, Zhaozhong and Heckman, Christoffer and Julier, Simon and Ahmed, Nisar},
  booktitle={2018 21st International Conference on Information Fusion (FUSION)},
  pages={1072--1079},
  year={2018},
  organization={IEEE}
}

@article{bergstra2011algorithms,
  title={Algorithms for hyper-parameter optimization},
  author={Bergstra, James and Bardenet, R{\'e}mi and Bengio, Yoshua and K{\'e}gl, Bal{\'a}zs},
  journal={Advances in neural information processing systems},
  volume={24},
  year={2011}
}

@inproceedings{hutter2011sequential,
  title={Sequential model-based optimization for general algorithm configuration},
  author={Hutter, Frank and Hoos, Holger H and Leyton-Brown, Kevin},
  booktitle={International conference on learning and intelligent optimization},
  pages={507--523},
  year={2011},
  organization={Springer}
}